@misc{placeholder,
title={Placeholder Title},
author={Author A},
note={This is a placeholder entry for demonstration purposes.},
url={https://example.com},
year={2023}
}